<record><leader>00000cas a2200000 a 4500</leader><controlfield tag="001">55517158</controlfield><controlfield tag="006">m     o  d        </controlfield><controlfield tag="007">cr cnu||||||||</controlfield><controlfield tag="008">040601c19919999gs dn nso     0    0rusoc</controlfield><datafield ind1=" " ind2=" " tag="010"><subfield code="a">  2004255201</subfield></datafield><datafield ind1=" " ind2=" " tag="040"><subfield code="a">ZCU</subfield><subfield code="b">eng</subfield><subfield code="c">ZCU</subfield><subfield code="d">IUL</subfield><subfield code="d">OCLCQ</subfield><subfield code="d">OCLCF</subfield><subfield code="d">OCLCO</subfield><subfield code="d">OCLCQ</subfield></datafield><datafield ind1=" " ind2=" " tag="066"><subfield code="c">(N</subfield></datafield><datafield ind1=" " ind2=" " tag="042"><subfield code="a">pcc</subfield></datafield><datafield ind1=" " ind2=" " tag="043"><subfield code="a">a-gs---</subfield></datafield><datafield ind1="1" ind2="4" tag="050"><subfield code="a">DK679.2</subfield></datafield><datafield ind1="0" ind2=" " tag="130"><subfield code="6">880-01</subfield><subfield code="a">Svobodnai&#65056;a&#65057; Gruzii&#65056;a&#65057; (Online)</subfield></datafield><datafield ind1="1" ind2="0" tag="245"><subfield code="6">880-02</subfield><subfield code="a">Svobodnai&#65056;a&#65057; Gruzii&#65056;a&#65057;</subfield></datafield><datafield ind1=" " ind2=" " tag="260"><subfield code="a">T&#699;bilisi :</subfield><subfield code="b">Tato Laskhishvili</subfield></datafield><datafield ind1=" " ind2=" " tag="310"><subfield code="a">Daily except Saturday and Sunday</subfield></datafield><datafield ind1=" " ind2=" " tag="336"><subfield code="a">text</subfield><subfield code="b">txt</subfield><subfield code="2">rdacontent</subfield></datafield><datafield ind1=" " ind2=" " tag="337"><subfield code="a">computer</subfield><subfield code="b">c</subfield><subfield code="2">rdamedia</subfield></datafield><datafield ind1=" " ind2=" " tag="338"><subfield code="a">online resource</subfield><subfield code="b">cr</subfield><subfield code="2">rdacarrier</subfield></datafield><datafield ind1="1" ind2=" " tag="362"><subfield code="a">Print began with 1991.</subfield></datafield><datafield ind1=" " ind2=" " tag="530"><subfield code="a">Also issued in print.</subfield></datafield><datafield ind1=" " ind2=" " tag="538"><subfield code="a">Mode of access: World Wide Web.</subfield></datafield><datafield ind1=" " ind2=" " tag="588"><subfield code="a">Description based on: 270 (Oct. 1, 1998); title from journal home page (East View, viewed May 24, 2004).</subfield></datafield><datafield ind1=" " ind2=" " tag="588"><subfield code="a">Latest issue consulted: 83 (May 22, 2004) (viewed May 24, 2004).</subfield></datafield><datafield ind1=" " ind2="0" tag="651"><subfield code="a">T&#699;bilisi (Georgia)</subfield><subfield code="v">Newspapers.</subfield></datafield><datafield ind1=" " ind2="0" tag="651"><subfield code="a">Georgia (Republic)</subfield><subfield code="v">Newspapers.</subfield></datafield><datafield ind1=" " ind2="7" tag="651"><subfield code="a">Georgia (Republic)</subfield><subfield code="2">fast</subfield><subfield code="0">(OCoLC)fst01221658</subfield></datafield><datafield ind1=" " ind2="7" tag="651"><subfield code="a">Georgia (Republic)</subfield><subfield code="z">T&#699;bilisi.</subfield><subfield code="2">fast</subfield><subfield code="0">(OCoLC)fst01206337</subfield></datafield><datafield ind1=" " ind2="7" tag="655"><subfield code="a">Newspapers.</subfield><subfield code="2">fast</subfield><subfield code="0">(OCoLC)fst01423814</subfield></datafield><datafield ind1=" " ind2=" " tag="752"><subfield code="a">Georgia (Republic)</subfield><subfield code="d">T&#699;bilisi.</subfield></datafield><datafield ind1="0" ind2="8" tag="776"><subfield code="6">880-03</subfield><subfield code="i">Print ed.:</subfield><subfield code="t">Svobodnai&#65056;a&#65057; Gruzii&#65056;a&#65057;</subfield><subfield code="w">(DLC)sn 91027134</subfield><subfield code="w">(OCoLC)24167481</subfield></datafield><datafield ind1="4" ind2="0" tag="856"><subfield code="u">http://dlib.eastview.com/sources/publication.jsp?id=639</subfield></datafield><datafield ind1="0" ind2=" " tag="880"><subfield code="6">130-01/(N</subfield><subfield code="a">&#1057;&#1074;&#1086;&#1073;&#1086;&#1076;&#1085;&#1072;&#1103; &#1043;&#1088;&#1091;&#1079;&#1080;&#1103; (Online)</subfield></datafield><datafield ind1="1" ind2="0" tag="880"><subfield code="6">245-02/(N</subfield><subfield code="a">&#1057;&#1074;&#1086;&#1073;&#1086;&#1076;&#1085;&#1072;&#1103; &#1043;&#1088;&#1091;&#1079;&#1080;&#1103;.</subfield></datafield><datafield ind1="0" ind2="8" tag="880"><subfield code="6">776-03/(N</subfield><subfield code="i">Print ed.:</subfield><subfield code="t">&#1057;&#1074;&#1086;&#1073;&#1086;&#1076;&#1085;&#1072;&#1103; &#1043;&#1088;&#1091;&#1079;&#1080;&#1103;</subfield><subfield code="w">(DLC)sn 91027134</subfield><subfield code="w">(OCoLC)24167481</subfield></datafield><datafield ind1="1" ind2=" " tag="029"><subfield code="a">AU@</subfield><subfield code="b">000026201379</subfield></datafield></record>